
  <record>
    <leader>01275cam a2200337 a 4500</leader>
    <controlfield tag="001">35</controlfield>
    <controlfield tag="005">20141021232301.0</controlfield>
    <controlfield tag="008">851126s1983    ja a     b    000 0 eng d</controlfield>
    <datafield tag="035" ind1=" " ind2=" ">
      <subfield code="a">(CStRLIN)NYCX85B133300</subfield>
    </datafield>
    <datafield tag="035" ind1=" " ind2=" ">
      <subfield code="a">(NIC)notisAAA0033</subfield>
    </datafield>
    <datafield tag="035" ind1=" " ind2=" ">
      <subfield code="a">(OCoLC)9715214</subfield>
    </datafield>
    <datafield tag="035" ind1=" " ind2=" ">
      <subfield code="a">35</subfield>
    </datafield>
    <datafield tag="040" ind1=" " ind2=" ">
      <subfield code="d">NIC</subfield>
    </datafield>
    <datafield tag="043" ind1=" " ind2=" ">
      <subfield code="a">a-ja---</subfield>
    </datafield>
    <datafield tag="100" ind1="1" ind2=" ">
      <subfield code="a">Inagami, Takeshi,</subfield>
      <subfield code="d">1944-</subfield>
    </datafield>
    <datafield tag="245" ind1="1" ind2="0">
      <subfield code="a">Labor-management communication at the workshop level /</subfield>
      <subfield code="c">Takeshi Inagami.</subfield>
    </datafield>
    <datafield tag="260" ind1=" " ind2=" ">
      <subfield code="a">Minato-ku, Tokyo, Japan :</subfield>
      <subfield code="b">Japan Institute of Labour,</subfield>
      <subfield code="c">1983.</subfield>
    </datafield>
    <datafield tag="300" ind1=" " ind2=" ">
      <subfield code="a">36 p. :</subfield>
      <subfield code="b">ill. ;</subfield>
      <subfield code="c">28 cm.</subfield>
    </datafield>
    <datafield tag="490" ind1="1" ind2=" ">
      <subfield code="a">Japanese industrial relations series ;</subfield>
      <subfield code="v">ser. 11</subfield>
    </datafield>
    <datafield tag="504" ind1=" " ind2=" ">
      <subfield code="a">Includes bibliographical references.</subfield>
    </datafield>
    <datafield tag="650" ind1=" " ind2="0">
      <subfield code="a">Communication in personnel management</subfield>
      <subfield code="z">Japan.</subfield>
    </datafield>
    <datafield tag="650" ind1=" " ind2="0">
      <subfield code="a">Communication in industrial relations</subfield>
      <subfield code="z">Japan.</subfield>
    </datafield>
    <datafield tag="650" ind1=" " ind2="0">
      <subfield code="a">Working class</subfield>
      <subfield code="z">Japan.</subfield>
    </datafield>
    <datafield tag="650" ind1=" " ind2="7">
      <subfield code="a">Communication in industrial relations</subfield>
      <subfield code="2">fast</subfield>
      <subfield code="0">(OCoLC)fst00870155</subfield>
    </datafield>
    <datafield tag="650" ind1=" " ind2="7">
      <subfield code="a">Communication in personnel management</subfield>
      <subfield code="2">fast</subfield>
      <subfield code="0">(OCoLC)fst00870235</subfield>
    </datafield>
    <datafield tag="650" ind1=" " ind2="7">
      <subfield code="a">Working class</subfield>
      <subfield code="2">fast</subfield>
      <subfield code="0">(OCoLC)fst01180418</subfield>
    </datafield>
    <datafield tag="651" ind1=" " ind2="7">
      <subfield code="a">Japan</subfield>
      <subfield code="2">fast</subfield>
      <subfield code="0">(OCoLC)fst01204082</subfield>
    </datafield>
    <datafield tag="830" ind1=" " ind2="0">
      <subfield code="a">Japanese industrial relations series.</subfield>
      <subfield code="v">ser. 11</subfield>
    </datafield>
    <datafield tag="905" ind1=" " ind2=" ">
      <subfield code="a">19900330120000.0</subfield>
    </datafield>
    <datafield tag="948" ind1="2" ind2=" ">
      <subfield code="a">20141016</subfield>
      <subfield code="b">m</subfield>
      <subfield code="d">batch</subfield>
      <subfield code="e">lts</subfield>
      <subfield code="x">addfast</subfield>
    </datafield>
    <datafield tag="950" ind1=" " ind2=" ">
      <subfield code="l">ILR</subfield>
      <subfield code="a">HF5549.5.C6</subfield>
      <subfield code="b">I35</subfield>
      <subfield code="i">11/26/85 C</subfield>
    </datafield>
  </record>