
  <record>
    <leader>01366cam a22003131  4500</leader>
    <controlfield tag="001">36</controlfield>
    <controlfield tag="005">20141021232304.0</controlfield>
    <controlfield tag="008">860224s1973    nyuabf   b    000 0 eng  </controlfield>
    <datafield tag="010" ind1=" " ind2=" ">
      <subfield code="a">   38000025//r863 </subfield>
    </datafield>
    <datafield tag="035" ind1=" " ind2=" ">
      <subfield code="a">(CStRLIN)NYCX86B22799</subfield>
    </datafield>
    <datafield tag="035" ind1=" " ind2=" ">
      <subfield code="a">(NIC)notisAAA0034</subfield>
    </datafield>
    <datafield tag="035" ind1=" " ind2=" ">
      <subfield code="a">(OCoLC)2755705</subfield>
    </datafield>
    <datafield tag="035" ind1=" " ind2=" ">
      <subfield code="a">36</subfield>
    </datafield>
    <datafield tag="040" ind1=" " ind2=" ">
      <subfield code="c">IEN</subfield>
      <subfield code="d">NIC</subfield>
    </datafield>
    <datafield tag="043" ind1=" " ind2=" ">
      <subfield code="a">n-us-me</subfield>
      <subfield code="a">n-us-nh</subfield>
    </datafield>
    <datafield tag="050" ind1="0" ind2=" ">
      <subfield code="a">F42.P4</subfield>
      <subfield code="b">H6</subfield>
      <subfield code="a">NA707.H74</subfield>
    </datafield>
    <datafield tag="100" ind1="1" ind2=" ">
      <subfield code="a">Howells, John Mead,</subfield>
      <subfield code="d">1868-1959.</subfield>
    </datafield>
    <datafield tag="245" ind1="1" ind2="4">
      <subfield code="a">The architectural heritage of the Piscataqua;</subfield>
      <subfield code="b">houses and gardens of the Portsmouth district of Maine and New Hampshire,</subfield>
      <subfield code="c">by John Mead Howells, with an introduction by William Lawrence Bottomley.</subfield>
    </datafield>
    <datafield tag="260" ind1=" " ind2=" ">
      <subfield code="a">New York,</subfield>
      <subfield code="b">Architectural Book Pub. Co.</subfield>
      <subfield code="c">[c1937]</subfield>
    </datafield>
    <datafield tag="300" ind1=" " ind2=" ">
      <subfield code="a">ix-xxvi, 217 p.</subfield>
      <subfield code="b">illus., plates, map.</subfield>
      <subfield code="c">32 cm.</subfield>
    </datafield>
    <datafield tag="504" ind1=" " ind2=" ">
      <subfield code="a">"Books on architecture and the allied crafts used in America prior to 1830": p. xvii-xx.</subfield>
    </datafield>
    <datafield tag="650" ind1=" " ind2="0">
      <subfield code="a">Historic buildings</subfield>
      <subfield code="z">Piscataqua River Valley (N.H. and Me.)</subfield>
    </datafield>
    <datafield tag="650" ind1=" " ind2="0">
      <subfield code="a">Architecture, Colonial</subfield>
      <subfield code="z">Piscataqua River Valley (N.H. and Me.)</subfield>
    </datafield>
    <datafield tag="650" ind1=" " ind2="7">
      <subfield code="a">Architecture, Colonial</subfield>
      <subfield code="2">fast</subfield>
      <subfield code="0">(OCoLC)fst00813657</subfield>
    </datafield>
    <datafield tag="650" ind1=" " ind2="7">
      <subfield code="a">Historic buildings</subfield>
      <subfield code="2">fast</subfield>
      <subfield code="0">(OCoLC)fst00957723</subfield>
    </datafield>
    <datafield tag="651" ind1=" " ind2="7">
      <subfield code="a">United States</subfield>
      <subfield code="z">Piscataqua River Valley</subfield>
      <subfield code="2">fast</subfield>
      <subfield code="0">(OCoLC)fst01311336</subfield>
    </datafield>
    <datafield tag="905" ind1=" " ind2=" ">
      <subfield code="a">19880603120000.0</subfield>
    </datafield>
    <datafield tag="948" ind1="2" ind2=" ">
      <subfield code="a">20141016</subfield>
      <subfield code="b">m</subfield>
      <subfield code="d">batch</subfield>
      <subfield code="e">lts</subfield>
      <subfield code="x">addfast</subfield>
    </datafield>
    <datafield tag="950" ind1=" " ind2=" ">
      <subfield code="l">FINE</subfield>
      <subfield code="a">NA7235.N4</subfield>
      <subfield code="b">H85</subfield>
      <subfield code="f">BASIC</subfield>
      <subfield code="i">02/24/86 N</subfield>
    </datafield>
  </record>