
  <record>
    <leader>00918cam a2200289   4500</leader>
    <controlfield tag="001">41</controlfield>
    <controlfield tag="005">20141021232306.0</controlfield>
    <controlfield tag="008">851210s1956    ilu      b    000 0 eng u</controlfield>
    <datafield tag="010" ind1=" " ind2=" ">
      <subfield code="a">   56002523 </subfield>
    </datafield>
    <datafield tag="035" ind1=" " ind2=" ">
      <subfield code="a">(CStRLIN)NYCX85B138642</subfield>
    </datafield>
    <datafield tag="035" ind1=" " ind2=" ">
      <subfield code="a">(NIC)notisAAA0039</subfield>
    </datafield>
    <datafield tag="035" ind1=" " ind2=" ">
      <subfield code="a">(OCoLC)503516</subfield>
    </datafield>
    <datafield tag="035" ind1=" " ind2=" ">
      <subfield code="a">41</subfield>
    </datafield>
    <datafield tag="040" ind1=" " ind2=" ">
      <subfield code="c">ODaWU</subfield>
      <subfield code="d">NhD</subfield>
      <subfield code="d">CStRLIN</subfield>
      <subfield code="d">NIC</subfield>
    </datafield>
    <datafield tag="100" ind1="1" ind2=" ">
      <subfield code="a">Barnett, H. G.</subfield>
      <subfield code="q">(Homer Garner),</subfield>
      <subfield code="d">1906-1985.</subfield>
    </datafield>
    <datafield tag="245" ind1="1" ind2="0">
      <subfield code="a">Anthropology in administration.</subfield>
    </datafield>
    <datafield tag="260" ind1=" " ind2=" ">
      <subfield code="a">Evanston, Ill.,</subfield>
      <subfield code="b">Row, Peterson</subfield>
      <subfield code="c">[1956]</subfield>
    </datafield>
    <datafield tag="300" ind1=" " ind2=" ">
      <subfield code="a">196 p.</subfield>
      <subfield code="c">24 cm.</subfield>
    </datafield>
    <datafield tag="504" ind1=" " ind2=" ">
      <subfield code="a">Bibliographic footnotes.</subfield>
    </datafield>
    <datafield tag="650" ind1=" " ind2="0">
      <subfield code="a">Colonies</subfield>
      <subfield code="x">Administration</subfield>
    </datafield>
    <datafield tag="650" ind1=" " ind2="0">
      <subfield code="a">Anthropology</subfield>
    </datafield>
    <datafield tag="650" ind1=" " ind2="7">
      <subfield code="a">Anthropology</subfield>
      <subfield code="2">fast</subfield>
      <subfield code="0">(OCoLC)fst00810196</subfield>
    </datafield>
    <datafield tag="650" ind1=" " ind2="7">
      <subfield code="a">Colonies</subfield>
      <subfield code="x">Administration</subfield>
      <subfield code="2">fast</subfield>
      <subfield code="0">(OCoLC)fst00868457</subfield>
    </datafield>
    <datafield tag="905" ind1=" " ind2=" ">
      <subfield code="a">19891212120000.0</subfield>
    </datafield>
    <datafield tag="948" ind1="2" ind2=" ">
      <subfield code="a">20130221</subfield>
      <subfield code="b">w</subfield>
      <subfield code="d">batch</subfield>
      <subfield code="e">lts</subfield>
    </datafield>
    <datafield tag="948" ind1="2" ind2=" ">
      <subfield code="a">20141016</subfield>
      <subfield code="b">m</subfield>
      <subfield code="d">batch</subfield>
      <subfield code="e">lts</subfield>
      <subfield code="x">addfast</subfield>
    </datafield>
    <datafield tag="950" ind1=" " ind2=" ">
      <subfield code="l">OLIN</subfield>
      <subfield code="a">JX4021</subfield>
      <subfield code="b">.B26</subfield>
      <subfield code="f">BASIC</subfield>
      <subfield code="i">12/10/85 N</subfield>
    </datafield>
  </record>
</collection>
